%Entries
@article{kolda2009tensor,
  title={Tensor decompositions and applications},
  author={Kolda, Tamara G and Bader, Brett W},
  journal={SIAM review},
  volume={51},
  number={3},
  pages={455--500},
  year={2009},
  publisher={SIAM}
}

@article{kruskal1977three,
  title={Three-way arrays: rank and uniqueness of trilinear decompositions, with application to arithmetic complexity and statistics},
  author={Kruskal, Joseph B},
  journal={Linear algebra and its applications},
  volume={18},
  number={2},
  pages={95--138},
  year={1977},
  publisher={North-Holland}
}

@article{anandkumar2014tensor,
  title={Tensor decompositions for learning latent variable models},
  author={Anandkumar, Animashree and Ge, Rong and Hsu, Daniel and Kakade, Sham M and Telgarsky, Matus},
  journal={The Journal of Machine Learning Research},
  volume={15},
  number={1},
  pages={2773--2832},
  year={2014},
  publisher={JMLR. org}
}


@article{huang2015online,
  title={Online tensor methods for learning latent variable models},
  author={Huang, Furong and Niranjan, UN and Hakeem, Mohammad Umar and Anandkumar, Animashree},
  journal={The Journal of Machine Learning Research},
  volume={16},
  number={1},
  pages={2797--2835},
  year={2015},
  publisher={JMLR. org}
}

@article{hillar2013most,
  title={Most tensor problems are NP-hard},
  author={Hillar, Christopher J and Lim, Lek-Heng},
  journal={Journal of the ACM (JACM)},
  volume={60},
  number={6},
  pages={45},
  year={2013},
  publisher={ACM}
}

@inproceedings{cohen2016online,
  title={Online Row Sampling},
  author={Cohen, Michael B and Musco, Cameron and Pachocki, Jakub},
  booktitle={Approximation, Randomization, and Combinatorial Optimization. Algorithms and Techniques (APPROX/RANDOM 2016)},
  year={2016},
  organization={Schloss Dagstuhl-Leibniz-Zentrum fuer Informatik}
}

@inproceedings{wang2016online,
  title={Online and differentially-private tensor decomposition},
  author={Wang, Yining and Anandkumar, Anima},
  booktitle={Advances in Neural Information Processing Systems},
  pages={3531--3539},
  year={2016}
}

@article{woodruff2014sketching,
  title={Sketching as a tool for numerical linear algebra},
  author={Woodruff, David P and others},
  journal={Foundations and Trends{\textregistered} in Theoretical Computer Science},
  volume={10},
  number={1--2},
  pages={1--157},
  year={2014},
  publisher={Now Publishers, Inc.}
}

@article{braverman2016new,
  title={New frameworks for offline and streaming coreset constructions},
  author={Braverman, Vladimir and Feldman, Dan and Lang, Harry},
  journal={arXiv preprint arXiv:1612.00889},
  year={2016}
}

% incollection (has an editor, title, and possibly a booktitle)
@book{dubhashi2009concentration,
  title={Concentration of measure for the analysis of randomized algorithms},
  author={Dubhashi, Devdatt P and Panconesi, Alessandro},
  year={2009},
  publisher={Cambridge University Press}
}

@article{bachem2017practical,
  title={Practical Coreset Constructions for Machine Learning},
  author={Bachem, Olivier and Lucic, Mario and Krause, Andreas},
  journal={stat},
  volume={1050},
  pages={4},
  year={2017}
}

@inproceedings{wang2015fast,
  title={Fast and guaranteed tensor decomposition via sketching},
  author={Wang, Yining and Tung, Hsiao-Yu and Smola, Alexander J and Anandkumar, Anima},
  booktitle={Advances in Neural Information Processing Systems},
  pages={991--999},
  year={2015}
}

@inproceedings{cohen2017input,
  title={Input sparsity time low-rank approximation via ridge leverage score sampling},
  author={Cohen, Michael B and Musco, Cameron and Musco, Christopher},
  booktitle={Proceedings of the Twenty-Eighth Annual ACM-SIAM Symposium on Discrete Algorithms},
  pages={1758--1777},
  year={2017},
  organization={SIAM}
}

@article{bhojanapalli2015new,
  title={A New Sampling Technique for Tensors},
  author={Bhojanapalli, Srinadh and Sanghavi, Sujay},
  journal={stat},
  volume={1050},
  pages={19},
  year={2015}
}

@inproceedings{song2016sublinear,
  title={Sublinear time orthogonal tensor decomposition},
  author={Song, Zhao and Woodruff, David and Zhang, Huan},
  booktitle={Advances in Neural Information Processing Systems},
  pages={793--801},
  year={2016}
}

@inproceedings{song2019relative,
  title={Relative error tensor low rank approximation},
  author={Song, Zhao and Woodruff, David P and Zhong, Peilin},
  booktitle={Proceedings of the Thirtieth Annual ACM-SIAM Symposium on Discrete Algorithms},
  pages={2772--2789},
  year={2019},
  organization={Society for Industrial and Applied Mathematics}
}

@article{harshman1970foundations,
  title={Foundations of the PARAFAC procedure: Models and conditions for an" explanatory" multimodal factor analysis},
  author={Harshman, Richard A and others},
  year={1970},
  publisher={University of California at Los Angeles Los Angeles, CA}
}

@article{sherman1950adjustment,
  title={Adjustment of an inverse matrix corresponding to a change in one element of a given matrix},
  author={Sherman, Jack and Morrison, Winifred J},
  journal={The Annals of Mathematical Statistics},
  volume={21},
  number={1},
  pages={124--127},
  year={1950},
  publisher={JSTOR}
}

@inproceedings{cohen2015uniform,
  title={Uniform sampling for matrix approximation},
  author={Cohen, Michael B and Lee, Yin Tat and Musco, Cameron and Musco, Christopher and Peng, Richard and Sidford, Aaron},
  booktitle={Proceedings of the 2015 Conference on Innovations in Theoretical Computer Science},
  pages={181--190},
  year={2015},
  organization={ACM}
}

@inproceedings{anandkumar2012method,
  title={A method of moments for mixture models and hidden Markov models},
  author={Anandkumar, Animashree and Hsu, Daniel and Kakade, Sham M},
  booktitle={Conference on Learning Theory},
  pages={33--1},
  year={2012}
}

@article{beckmann2005tensorial,
  title={Tensorial extensions of independent component analysis for multisubject FMRI analysis},
  author={Beckmann, Christian F and Smith, Stephen M},
  journal={Neuroimage},
  volume={25},
  number={1},
  pages={294--311},
  year={2005},
  publisher={Elsevier}
}

@article{dunlavy2011temporal,
  title={Temporal link prediction using matrix and tensor factorizations},
  author={Dunlavy, Daniel M and Kolda, Tamara G and Acar, Evrim},
  journal={ACM Transactions on Knowledge Discovery from Data (TKDD)},
  volume={5},
  number={2},
  pages={10},
  year={2011},
  publisher={ACM}
}

@article{hsu2012spectral,
  title={A spectral algorithm for learning hidden Markov models},
  author={Hsu, Daniel and Kakade, Sham M and Zhang, Tong},
  journal={Journal of Computer and System Sciences},
  volume={78},
  number={5},
  pages={1460--1480},
  year={2012},
  publisher={Elsevier}
}

@inproceedings{jenatton2012latent,
  title={A latent factor model for highly multi-relational data},
  author={Jenatton, Rodolphe and Roux, Nicolas L and Bordes, Antoine and Obozinski, Guillaume R},
  booktitle={Advances in Neural Information Processing Systems},
  pages={3167--3175},
  year={2012}
}

@inproceedings{nickel2011three,
  title={A Three-Way Model for Collective Learning on Multi-Relational Data.},
  author={Nickel, Maximilian and Tresp, Volker and Kriegel, Hans-Peter},
  booktitle={ICML},
  volume={11},
  pages={809--816},
  year={2011}
}

@inproceedings{papalexakis2013more,
  title={Do more views of a graph help? community detection and clustering in multi-graphs},
  author={Papalexakis, Evangelos E and Akoglu, Leman and Ience, Dino},
  booktitle={Proceedings of the 16th International Conference on Information FUSION},
  pages={899--905},
  year={2013},
  organization={IEEE}
}

@inproceedings{xiong2010temporal,
  title={Temporal collaborative filtering with bayesian probabilistic tensor factorization},
  author={Xiong, Liang and Chen, Xi and Huang, Tzu-Kuo and Schneider, Jeff and Carbonell, Jaime G},
  booktitle={Proceedings of the 2010 SIAM International Conference on Data Mining},
  pages={211--222},
  year={2010},
  organization={SIAM}
}

@article{sidiropoulos2017tensor,
  title={Tensor decomposition for signal processing and machine learning},
  author={Sidiropoulos, Nicholas D and De Lathauwer, Lieven and Fu, Xiao and Huang, Kejun and Papalexakis, Evangelos E and Faloutsos, Christos},
  journal={IEEE Transactions on Signal Processing},
  volume={65},
  number={13},
  pages={3551--3582},
  year={2017},
  publisher={IEEE}
}

@article{cong2015tensor,
  title={Tensor decomposition of EEG signals: a brief review},
  author={Cong, Fengyu and Lin, Qiu-Hua and Kuang, Li-Dan and Gong, Xiao-Feng and Astikainen, Piia and Ristaniemi, Tapani},
  journal={Journal of neuroscience methods},
  volume={248},
  pages={59--69},
  year={2015},
  publisher={Elsevier}
}

@article{oseledets2011tensor,
  title={Tensor-train decomposition},
  author={Oseledets, Ivan V},
  journal={SIAM Journal on Scientific Computing},
  volume={33},
  number={5},
  pages={2295--2317},
  year={2011},
  publisher={SIAM}
}

@inproceedings{feldman2011unified,
  title={A unified framework for approximating and clustering data},
  author={Feldman, Dan and Langberg, Michael},
  booktitle={Proceedings of the forty-third annual ACM symposium on Theory of computing},
  pages={569--578},
  year={2011},
  organization={ACM}
}

@inproceedings{langberg2010universal,
  title={Universal $\varepsilon$-approximators for integrals},
  author={Langberg, Michael and Schulman, Leonard J},
  booktitle={Proceedings of the twenty-first annual ACM-SIAM symposium on Discrete Algorithms},
  pages={598--607},
  year={2010},
  organization={SIAM}
}

@article{agarwal2004approximating,
  title={Approximating extent measures of points},
  author={Agarwal, Pankaj K and Har-Peled, Sariel and Varadarajan, Kasturi R},
  journal={Journal of the ACM (JACM)},
  volume={51},
  number={4},
  pages={606--635},
  year={2004},
  publisher={ACM}
}

@inproceedings{har2004coresets,
  title={On coresets for k-means and k-median clustering},
  author={Har-Peled, Sariel and Mazumdar, Soham},
  booktitle={Proceedings of the thirty-sixth annual ACM symposium on Theory of computing},
  pages={291--300},
  year={2004},
  organization={ACM}
}

@article{vrabel2016note,
  title={A note on the Matrix Determinant Lemma},
  author={Vrabel, Robert and Bottu, J},
  journal={International Journal of Pure and Applied Mathematics},
  volume={111},
  number={4},
  pages={643--646},
  year={2016}
}

@article{janzamin2015beating,
  title={Beating the perils of non-convexity: Guaranteed training of neural networks using tensor methods},
  author={Janzamin, Majid and Sedghi, Hanie and Anandkumar, Anima},
  journal={arXiv preprint arXiv:1506.08473},
  year={2015}
}

@article{dasgupta2009sampling,
  title={Sampling algorithms and coresets for $\backslash$ell\_p regression},
  author={Dasgupta, Anirban and Drineas, Petros and Harb, Boulos and Kumar, Ravi and Mahoney, Michael W},
  journal={SIAM Journal on Computing},
  volume={38},
  number={5},
  pages={2060--2078},
  year={2009},
  publisher={SIAM}
}

@article{kremer1999randomized,
  title={On randomized one-round communication complexity},
  author={Kremer, Ilan and Nisan, Noam and Ron, Dana},
  journal={Computational Complexity},
  volume={8},
  number={1},
  pages={21--49},
  year={1999},
  publisher={Springer}
}

@article{tropp2011freedman,
  title={Freedman's inequality for matrix martingales},
  author={Tropp, Joel and others},
  journal={Electronic Communications in Probability},
  volume={16},
  pages={262--270},
  year={2011},
  publisher={The Institute of Mathematical Statistics and the Bernoulli Society}
}

@inproceedings{dickens2018leveraging,
  title={Leveraging Well-Conditioned Bases: Streaming and Distributed Summaries in Minkowski $ p $-Norms},
  author={Dickens, Charlie and Cormode, Graham and Woodruff, David},
  booktitle={International Conference on Machine Learning},
  pages={1243--1251},
  year={2018}
}

@inproceedings{woodruff2013subspace,
  title={Subspace embeddings and$\backslash$ell\_p-regression using exponential random variables},
  author={Woodruff, David and Zhang, Qin},
  booktitle={Conference on Learning Theory},
  pages={546--567},
  year={2013}
}

@inproceedings{cohen2015p,
  title={L p row sampling by lewis weights},
  author={Cohen, Michael B and Peng, Richard},
  booktitle={Proceedings of the forty-seventh annual ACM symposium on Theory of computing},
  pages={183--192},
  year={2015},
  organization={ACM}
}

@article{tropp2015introduction,
  title={An introduction to matrix concentration inequalities},
  author={Tropp, Joel A and others},
  journal={Foundations and Trends{\textregistered} in Machine Learning},
  volume={8},
  number={1-2},
  pages={1--230},
  year={2015},
  publisher={Now Publishers, Inc.}
}

@inproceedings{papailiopoulos2014provable,
  title={Provable deterministic leverage score sampling},
  author={Papailiopoulos, Dimitris and Kyrillidis, Anastasios and Boutsidis, Christos},
  booktitle={Proceedings of the 20th ACM SIGKDD international conference on Knowledge discovery and data mining},
  pages={997--1006},
  year={2014},
  organization={ACM}
}

@article{clarkson2016fast,
  title={The fast cauchy transform and faster robust linear regression},
  author={Clarkson, Kenneth L and Drineas, Petros and Magdon-Ismail, Malik and Mahoney, Michael W and Meng, Xiangrui and Woodruff, David P},
  journal={SIAM Journal on Computing},
  volume={45},
  number={3},
  pages={763--810},
  year={2016},
  publisher={SIAM}
}

@inproceedings{ma2016polynomial,
  title={Polynomial-time tensor decompositions with sum-of-squares},
  author={Ma, Tengyu and Shi, Jonathan and Steurer, David},
  booktitle={2016 IEEE 57th Annual Symposium on Foundations of Computer Science (FOCS)},
  pages={438--446},
  year={2016},
  organization={IEEE}
}
